<?xml version="1.0" encoding="UTF-8"?><collection xmlns="http://www.loc.gov/MARC21/slim"><record><leader>00346nam--2200121-i-4500</leader><controlfield tag="001">000040539</controlfield><controlfield tag="002">20161230</controlfield><controlfield tag="005">20161230201042</controlfield><controlfield tag="008">060222s1000------------r-----000-0-eng-d</controlfield><datafield ind1=" " ind2=" " tag="100"><subfield code="a">Schmets,J., Calleri G., Bellie,R</subfield></datafield><datafield ind1=" " ind2=" " tag="245"><subfield code="a">Etudes d`une chambre a ionisation a hexafluorure d`uranium</subfield></datafield><datafield ind1=" " ind2=" " tag="260"><subfield code="a">Bruxelles, Cen, 1960. 23 P.+ 3 Fig</subfield></datafield><datafield ind1=" " ind2=" " tag="852"><subfield code="a">15380</subfield></datafield></record></collection>